<record><leader>02736cam a2200457 i 4500</leader><controlfield tag="001">6754313</controlfield><controlfield tag="003">OCoLC</controlfield><controlfield tag="005">20141205034129.5</controlfield><controlfield tag="006">m     o  d        </controlfield><controlfield tag="007">cr |||||||||||</controlfield><controlfield tag="008">141006t20152015paua    ob    000 0 eng d</controlfield><datafield ind1=" " ind2=" " tag="020"><subfield code="z">9780323286633 (hardcover : alk. paper)</subfield></datafield><datafield ind1=" " ind2=" " tag="020"><subfield code="z">0323286631 (hardcover : alk. paper)</subfield></datafield><datafield ind1=" " ind2=" " tag="035"><subfield code="a">ocn892338727</subfield></datafield><datafield ind1=" " ind2=" " tag="039"><subfield code="a">exclude</subfield></datafield><datafield ind1=" " ind2=" " tag="040"><subfield code="a">OPELS</subfield><subfield code="b">eng</subfield><subfield code="e">rda</subfield><subfield code="e">pn</subfield><subfield code="c">OPELS</subfield><subfield code="d">OPELS</subfield><subfield code="d">KOS</subfield><subfield code="d">WAU</subfield><subfield code="d">MMU</subfield><subfield code="d">AEU</subfield></datafield><datafield ind1=" " ind2="4" tag="050"><subfield code="a">RD561</subfield></datafield><datafield ind1=" " ind2="4" tag="060"><subfield code="a">WE 870</subfield></datafield><datafield ind1="0" ind2="4" tag="082"><subfield code="a">617.5/820592</subfield><subfield code="2">23</subfield></datafield><datafield ind1=" " ind2=" " tag="090"><subfield code="a">Internet Access</subfield><subfield code="b">AEU</subfield></datafield><datafield ind1="1" ind2=" " tag="100"><subfield code="a">Scott, Richard D.</subfield><subfield code="q">(Richard David),</subfield><subfield code="d">1943-</subfield><subfield code="e">author.</subfield></datafield><datafield ind1="1" ind2="0" tag="245"><subfield code="a">Total knee arthroplasty /</subfield><subfield code="c">Richard D. Scott.</subfield></datafield><datafield ind1=" " ind2=" " tag="250"><subfield code="a">Edition 2.</subfield></datafield><datafield ind1=" " ind2="1" tag="264"><subfield code="a">Philadelphia, PA :</subfield><subfield code="b">Elsevier/Saunders,</subfield><subfield code="c">[2015]</subfield></datafield><datafield ind1=" " ind2="4" tag="264"><subfield code="c">&#169;2015</subfield></datafield><datafield ind1=" " ind2=" " tag="300"><subfield code="a">1 online resource :</subfield><subfield code="b">illustrations (some color)</subfield></datafield><datafield ind1=" " ind2=" " tag="336"><subfield code="a">text</subfield><subfield code="b">txt</subfield><subfield code="2">rdacontent</subfield></datafield><datafield ind1=" " ind2=" " tag="337"><subfield code="a">computer</subfield><subfield code="b">c</subfield><subfield code="2">rdamedia</subfield></datafield><datafield ind1=" " ind2=" " tag="338"><subfield code="a">online resource</subfield><subfield code="b">cr</subfield><subfield code="2">rdacarrier</subfield></datafield><datafield ind1=" " ind2=" " tag="504"><subfield code="a">Includes bibliographical references.</subfield></datafield><datafield ind1="0" ind2=" " tag="505"><subfield code="a">Posterior cruciate ligament retention versus substitution -- Mobile versus fixed bearings in total knee arthroplasty -- Primary total knee arthroplasty surgical technique -- Total knee arthroplasty in severe varus deformity -- Total knee arthroplasty in severe valgus deformity -- Patellofemoral complications associated with total knee arthroplasty -- Stiffness before and after total knee arthroplasty -- Flexion contracture associated with total knee arthroplasty -- Total knee arthroplasty after osteotomy -- Total knee arthroplasty in rheumatoid arthritis -- Bone stock deficiency in total knee arthroplasty -- Bilateral simultaneous total knee arthroplasty -- Sepsis and total knee arthroplasty -- Staying out and getting out of trouble during total knee arthroplasty -- Repeat operation after total knee arthroplasty -- Unicompartmental knee arthroplasty -- Unicompartmental knee arthroplasty technique -- Frequently asked questions concerning total knee arthroplasty.</subfield></datafield><datafield ind1=" " ind2=" " tag="506"><subfield code="a">Access restricted to authorized users and institutions.</subfield></datafield><datafield ind1=" " ind2=" " tag="588"><subfield code="a">Description based on online resource; title from digital title page (ClinicalKey, viewed on October 31, 2014).</subfield></datafield><datafield ind1=" " ind2=" " tag="596"><subfield code="a">44</subfield></datafield><datafield ind1=" " ind2="0" tag="650"><subfield code="a">Total knee replacement.</subfield></datafield><datafield ind1=" " ind2="2" tag="650"><subfield code="a">Arthroplasty, Replacement, Knee</subfield><subfield code="x">adverse effects.</subfield></datafield><datafield ind1="1" ind2="2" tag="650"><subfield code="a">Arthroplasty, Replacement, Knee</subfield><subfield code="x">methods.</subfield></datafield><datafield ind1="2" ind2="2" tag="650"><subfield code="a">Postoperative Complications</subfield><subfield code="x">prevention &amp; control.</subfield></datafield><datafield ind1="4" ind2="0" tag="856"><subfield code="3">University of Alberta Access</subfield><subfield code="u">https://www.clinicalkey.com/dura/browse/bookChapter/3-s2.0-C20120061480</subfield></datafield><datafield ind1=" " ind2=" " tag="949"><subfield code="h">UAIN</subfield><subfield code="z">CKEY</subfield></datafield><datafield ind1=" " ind2=" " tag="926"><subfield code="a">Internet Access</subfield><subfield code="w">LC</subfield><subfield code="c">1</subfield><subfield code="i">6754313-1001</subfield><subfield code="l">INTERNET</subfield><subfield code="m">UAINTERNET</subfield><subfield code="r">Y</subfield><subfield code="s">Y</subfield><subfield code="t">E-RESOURCE</subfield><subfield code="u">12/8/2014</subfield><subfield code="x">E-BOOK</subfield><subfield code="z">CKEY</subfield></datafield></record>